@ARTICLE{dice,
  author={Eelbode, Tom and Bertels, Jeroen and Berman, Maxim and Vandermeulen, Dirk and Maes, Frederik and Bisschops, Raf and Blaschko, Matthew B.},
  journal={IEEE Transactions on Medical Imaging}, 
  title={Optimization for Medical Image Segmentation: Theory and Practice When Evaluating With Dice Score or Jaccard Index}, 
  year={2020},
  volume={39},
  number={11},
  pages={3679-3690},
  doi={10.1109/TMI.2020.3002417}}

@Inbook{precrec,
author="Ting, Kai Ming",
editor="Sammut, Claude
and Webb, Geoffrey I.",
title="Precision and Recall",
bookTitle="Encyclopedia of Machine Learning",
year="2010",
publisher="Springer US",
address="Boston, MA",
pages="781--781",
isbn="978-0-387-30164-8",
doi="10.1007/978-0-387-30164-8_652",
url="https://doi.org/10.1007/978-0-387-30164-8_652"
} 

@article{levenshteinOrig,
  author    = {Rishin Haldar and
               Debajyoti Mukhopadhyay},
  title     = {Levenshtein Distance Technique in Dictionary Lookup Methods: An Improved
               Approach},
  journal   = {CoRR},
  volume    = {abs/1101.1232},
  year      = {2011},
  url       = {http://arxiv.org/abs/1101.1232},
  eprinttype = {arXiv},
  eprint    = {1101.1232},
  timestamp = {Mon, 13 Aug 2018 16:48:51 +0200},
  biburl    = {https://dblp.org/rec/journals/corr/abs-1101-1232.bib},
  bibsource = {dblp computer science bibliography, https://dblp.org}
}

@Article{similarityMet,
AUTHOR = {Wang, Jiapeng and Dong, Yihong},
TITLE = {Measurement of Text Similarity: A Survey},
JOURNAL = {Information},
VOLUME = {11},
YEAR = {2020},
NUMBER = {9},
ARTICLE-NUMBER = {421},
URL = {https://www.mdpi.com/2078-2489/11/9/421},
ISSN = {2078-2489}, 
DOI = {10.3390/info11090421}
}


@article{squad,
  author    = {Pranav Rajpurkar and
               Jian Zhang and
               Konstantin Lopyrev and
               Percy Liang},
  title     = {SQuAD: 100, 000+ Questions for Machine Comprehension of Text},
  journal   = {CoRR},
  volume    = {abs/1606.05250},
  year      = {2016},
  url       = {http://arxiv.org/abs/1606.05250},
  eprinttype = {arXiv},
  eprint    = {1606.05250},
  timestamp = {Mon, 24 Aug 2020 14:01:25 +0200},
  biburl    = {https://dblp.org/rec/journals/corr/RajpurkarZLL16.bib},
  bibsource = {dblp computer science bibliography, https://dblp.org}
} 

@inproceedings{postreg,
author = {Ji, Zongcheng and Xu, Fei and Wang, Bin and He, Ben},
title = {Question-Answer Topic Model for Question Retrieval in Community Question Answering},
year = {2012},
isbn = {9781450311564},
publisher = {Association for Computing Machinery},
address = {New York, NY, USA},
url = {https://doi.org/10.1145/2396761.2398669},
doi = {10.1145/2396761.2398669},
booktitle = {Proceedings of the 21st ACM International Conference on Information and Knowledge Management},
pages = {2471–2474},
numpages = {4}, 
location = {Maui, Hawaii, USA},
series = {CIKM '12}
}

@misc{squadGit, 
    title={SQuAD 2.0}, 
    howpublished = {\url{https://rajpurkar.github.io/SQuAD-explorer/}}, 
    note = {Accessed: 2021-09-01} 
} 

@misc{evmets, 
    title={Evaluation Metrics}, 
    howpublished = {\url{https://qa.fastforwardlabs.com/no\%20answer/null\%20threshold/bert/distilbert/exact\%20match/f1/robust\%20predictions/2020/06/09/Evaluating_BERT_on_SQuAD.html#Metrics-for-QA}}, 
    note = {Accessed: 2021-11-01} 
} 

@article{maincqa,
author = {Ojokoh, Bolanle},
year = {2013},
month = {01},
pages = {2-9},
title = {Online Question Answering System},
volume = {3},
journal = {International Journal of Computer Science Research and Applications}
}

@article{DBLP:journals/corr/abs-2004-04906,
  author    = {Vladimir Karpukhin and
               Barlas Oguz and
               Sewon Min and
               Ledell Wu and
               Sergey Edunov and
               Danqi Chen and
               Wen{-}tau Yih},
  title     = {Dense Passage Retrieval for Open-Domain Question Answering},
  journal   = {CoRR},
  volume    = {abs/2004.04906},
  year      = {2020},
  url       = {https://arxiv.org/abs/2004.04906},
  eprinttype = {arXiv},
  eprint    = {2004.04906},
  timestamp = {Tue, 14 Apr 2020 16:40:34 +0200},
  biburl    = {https://dblp.org/rec/journals/corr/abs-2004-04906.bib},
  bibsource = {dblp computer science bibliography, https://dblp.org}
}

@misc{mediawiki, 
    title={MediaWiki API}, 
    howpublished = {\url{https://www.mediawiki.org/wiki/API:Main_page}}, 
    note = {Accessed: 2021-09-01} 
} 

@misc{pos, 
    title={Penn Treebank Project}, 
    howpublished = {\url{https://www.ling.upenn.edu/courses/Fall_2003/ling001/penn_treebank_pos.html}}, 
    note = {Accessed: 2021-09-10} 
} 

@misc{dataset1, 
    title={Yahoo! Answers Dataset for cQA - 2010}, 
    howpublished = {\url{https://sourceforge.net/projects/yahoodataset/}}, 
    note = {Accessed: 2021-09-20} 
} 

@inproceedings{cqa,
author = {Wang, Xiaolong and Zhang, Ming},
title = {Let Other Users Help You Find Answers: A Collaborative Question-Answering Method with Continuous Markov Chain Model},
year = {2011},
isbn = {9783642202902},
publisher = {Springer-Verlag},
address = {Berlin, Heidelberg}, 
pages = {264–270},
numpages = {7}, 
location = {Beijing, China},
series = {APWeb'11}
} 

@inproceedings{cosine,
author = {Rahutomo, Faisal and Kitasuka, Teruaki and Aritsugi, Masayoshi},
year = {2012},
month = {10},
pages = {},
title = {Semantic Cosine Similarity}
}

@misc{textsims, 
    title={Text Similarities : Estimate the degree of similarity between two texts}, 
    howpublished = {\url{https://medium.com/@adriensieg/text-similarities-da019229c894}}, 
    note = {Accessed: 2021-11-20} 
} 

@misc{dataset2, 
    title={Yahoo! Answers Topic Classification Dataset - 2007}, 
    howpublished = {\url{https://www.kaggle.com/soumikrakshit/yahoo-answers-dataset}}, 
    note = {Accessed: 2021-11-1} 
} 